<record><leader>00000cas a2200000 a 4500</leader><controlfield tag="001">42339284</controlfield><controlfield tag="007">hd afb021bucu</controlfield><controlfield tag="007">hd bfb021bubu</controlfield><controlfield tag="008">820208d19041910wauwr nea     0   a0eng c</controlfield><datafield ind1=" " ind2=" " tag="010"><subfield code="a">  2002252520</subfield></datafield><datafield ind1=" " ind2=" " tag="040"><subfield code="a">Wa</subfield><subfield code="b">eng</subfield><subfield code="c">WRJ</subfield><subfield code="d">OCL</subfield><subfield code="d">WAU</subfield><subfield code="d">OCLCQ</subfield><subfield code="d">OCLCF</subfield><subfield code="d">OCLCO</subfield></datafield><datafield ind1="1" ind2=" " tag="029"><subfield code="a">AU@</subfield><subfield code="b">000023484768</subfield></datafield><datafield ind1=" " ind2=" " tag="042"><subfield code="a">pcc</subfield></datafield><datafield ind1=" " ind2=" " tag="043"><subfield code="a">n-us-wa</subfield></datafield><datafield ind1="0" ind2=" " tag="082"><subfield code="a">071.9771</subfield><subfield code="2">19</subfield></datafield><datafield ind1="0" ind2="4" tag="245"><subfield code="a">The Edmonds review</subfield><subfield code="h">[microform].</subfield></datafield><datafield ind1=" " ind2=" " tag="260"><subfield code="a">Edmonds, Wash. :</subfield><subfield code="b">[M.T.B. Hanna,</subfield><subfield code="c">-1910]</subfield></datafield><datafield ind1=" " ind2=" " tag="300"><subfield code="a">7 v.</subfield></datafield><datafield ind1=" " ind2=" " tag="310"><subfield code="a">Weekly</subfield></datafield><datafield ind1="1" ind2=" " tag="362"><subfield code="a">Began in 1904.</subfield></datafield><datafield ind1="0" ind2=" " tag="362"><subfield code="a">-v. 7, no. 24 (Jan. 29, 1910).</subfield></datafield><datafield ind1=" " ind2=" " tag="580"><subfield code="a">Merged with: Edmonds tribune, to form: The Edmonds tribune and the Edmonds review.</subfield></datafield><datafield ind1=" " ind2=" " tag="588"><subfield code="a">Description based on: Vol. 1, no. 23 (Jan. 6, 1905).</subfield></datafield><datafield ind1=" " ind2=" " tag="533"><subfield code="a">Microfilm.</subfield><subfield code="b">[Seattle, Wash.] :</subfield><subfield code="c">Filmed for the University of Washington Libraries.</subfield><subfield code="e">3 microfilm reels ; 35 mm.</subfield><subfield code="n">Filmed with other titles.</subfield></datafield><datafield ind1=" " ind2="0" tag="651"><subfield code="a">Edmonds (Wash.)</subfield><subfield code="v">Newspapers.</subfield></datafield><datafield ind1=" " ind2="7" tag="655"><subfield code="a">Newspapers.</subfield><subfield code="2">fast</subfield><subfield code="0">(OCoLC)fst01423814</subfield></datafield><datafield ind1=" " ind2="7" tag="651"><subfield code="a">Washington (State)</subfield><subfield code="z">Edmonds.</subfield><subfield code="2">fast</subfield><subfield code="0">(OCoLC)fst01222509</subfield></datafield><datafield ind1=" " ind2=" " tag="752"><subfield code="a">United States</subfield><subfield code="b">Washington</subfield><subfield code="c">Snohomish</subfield><subfield code="d">Edmonds.</subfield></datafield><datafield ind1="1" ind2=" " tag="776"><subfield code="c">Original</subfield><subfield code="w">(DLC)sn 88085292</subfield><subfield code="w">(OCoLC)15533967</subfield></datafield><datafield ind1="1" ind2="7" tag="785"><subfield code="t">Edmonds tribune</subfield></datafield><datafield ind1="1" ind2="7" tag="785"><subfield code="t">Edmonds tribune and the Edmonds review</subfield><subfield code="w">(DLC)  2002252527</subfield></datafield></record>